<record><leader>00000cas a2200000 a 4500</leader><controlfield tag="001">5787095</controlfield><controlfield tag="008">791212d18801883utumr ne      0   a0eng  </controlfield><controlfield tag="009">185</controlfield><datafield ind1=" " ind2=" " tag="010"><subfield code="a">sn 94051433 </subfield><subfield code="z">   20023060 </subfield></datafield><datafield ind1=" " ind2=" " tag="040"><subfield code="a">DLC</subfield><subfield code="b">eng</subfield><subfield code="c">IWU</subfield><subfield code="d">CNK</subfield><subfield code="d">OCL</subfield><subfield code="d">OCLCQ</subfield><subfield code="d">UBY</subfield><subfield code="d">WIH</subfield><subfield code="d">OCLCF</subfield></datafield><datafield ind1=" " ind2=" " tag="019"><subfield code="a">361948085</subfield></datafield><datafield ind1="1" ind2=" " tag="029"><subfield code="a">AU@</subfield><subfield code="b">000025863685</subfield></datafield><datafield ind1=" " ind2=" " tag="042"><subfield code="a">msc</subfield></datafield><datafield ind1=" " ind2="4" tag="050"><subfield code="a">BX8641</subfield><subfield code="b">.A2</subfield></datafield><datafield ind1="0" ind2="0" tag="245"><subfield code="a">Anti-polygamy standard.</subfield></datafield><datafield ind1=" " ind2=" " tag="260"><subfield code="a">Salt Lake City, Utah :</subfield><subfield code="b">[The Standard Pub. Co.]</subfield></datafield><datafield ind1=" " ind2=" " tag="300"><subfield code="a">3 v.</subfield></datafield><datafield ind1=" " ind2=" " tag="310"><subfield code="a">Monthly</subfield></datafield><datafield ind1="0" ind2=" " tag="362"><subfield code="a">Vol. 1 (Apr. 1880)-v. 3 (Mar. 1883).</subfield></datafield><datafield ind1=" " ind2=" " tag="500"><subfield code="a">Issued in the interest of the Ladies' Anti-Polygamy Society of Utah from April to Aug. 1880; Organ of the Woman's National Anti-Ploygamy Society from Sept. 1880.</subfield></datafield><datafield ind1=" " ind2="0" tag="650"><subfield code="a">Polygamy</subfield><subfield code="v">Newspapers.</subfield></datafield><datafield ind1=" " ind2="0" tag="650"><subfield code="a">Mormons</subfield><subfield code="v">Newspapers.</subfield></datafield><datafield ind1=" " ind2="0" tag="650"><subfield code="a">Mormon Church</subfield><subfield code="x">Controversial literature</subfield><subfield code="v">Periodicals.</subfield></datafield><datafield ind1=" " ind2="7" tag="655"><subfield code="a">Newspapers.</subfield><subfield code="2">fast</subfield><subfield code="0">(OCoLC)fst01423814</subfield></datafield><datafield ind1=" " ind2="7" tag="655"><subfield code="a">Periodicals.</subfield><subfield code="2">fast</subfield><subfield code="0">(OCoLC)fst01411641</subfield></datafield><datafield ind1=" " ind2="7" tag="650"><subfield code="a">Mormon Church</subfield><subfield code="x">Controversial literature.</subfield><subfield code="2">fast</subfield><subfield code="0">(OCoLC)fst01426011</subfield></datafield><datafield ind1=" " ind2="7" tag="650"><subfield code="a">Mormons.</subfield><subfield code="2">fast</subfield><subfield code="0">(OCoLC)fst01026314</subfield></datafield><datafield ind1=" " ind2="7" tag="650"><subfield code="a">Polygamy.</subfield><subfield code="2">fast</subfield><subfield code="0">(OCoLC)fst01070459</subfield></datafield><datafield ind1="2" ind2=" " tag="710"><subfield code="a">Ladies' Anti-Polygamy Society of Utah.</subfield></datafield><datafield ind1="2" ind2=" " tag="710"><subfield code="a">Woman's National Anti-Polygamy Society.</subfield></datafield></record>